<record><leader>00000cas a22000007a 4500</leader><controlfield tag="001">12709396</controlfield><controlfield tag="008">851023d18801902vauwr ne      0    0eng d</controlfield><datafield ind1=" " ind2=" " tag="010"><subfield code="a">sn 85034359 </subfield></datafield><datafield ind1=" " ind2=" " tag="040"><subfield code="a">NPU</subfield><subfield code="b">eng</subfield><subfield code="c">NPU</subfield><subfield code="d">NYS</subfield><subfield code="d">NVK</subfield><subfield code="d">OCLCQ</subfield><subfield code="d">OCLCF</subfield><subfield code="d">OCLCO</subfield></datafield><datafield ind1="1" ind2=" " tag="029"><subfield code="a">AU@</subfield><subfield code="b">000022284741</subfield></datafield><datafield ind1=" " ind2=" " tag="042"><subfield code="a">msc</subfield></datafield><datafield ind1=" " ind2=" " tag="043"><subfield code="a">n-us-va</subfield></datafield><datafield ind1="0" ind2=" " tag="130"><subfield code="a">Weekly advance (Lynchburg, Va.)</subfield></datafield><datafield ind1="1" ind2="4" tag="245"><subfield code="a">The weekly advance.</subfield></datafield><datafield ind1=" " ind2=" " tag="260"><subfield code="a">Lynchburg, Va. :</subfield><subfield code="b">Whiteheads, Murrell &amp; Co.</subfield></datafield><datafield ind1=" " ind2=" " tag="300"><subfield code="a">v. ;</subfield><subfield code="c">51-61 cm.</subfield></datafield><datafield ind1=" " ind2=" " tag="310"><subfield code="a">Weekly</subfield></datafield><datafield ind1="1" ind2=" " tag="362"><subfield code="a">Began in Jul. 1880; ceased in 1902.</subfield><subfield code="z">Cf. Gregory, W. Amer. newspapers.</subfield></datafield><datafield ind1=" " ind2=" " tag="500"><subfield code="a">"The finest weekly newspapers published in the state. Especially gotten up for the planter and farmer." &lt;1886&gt;.</subfield></datafield><datafield ind1=" " ind2=" " tag="500"><subfield code="a">Publisher: The Advance Printing and Publishing Company, &lt;1883-1885&gt;.</subfield></datafield><datafield ind1=" " ind2=" " tag="500"><subfield code="a">Editor: Thomas Whitehead, &lt;1881-1884&gt;.</subfield></datafield><datafield ind1=" " ind2=" " tag="588"><subfield code="a">Description based on: Vol. 1, no. 32 (Feb. 25, 1881).</subfield></datafield><datafield ind1=" " ind2="0" tag="651"><subfield code="a">Lynchburg (Va.)</subfield><subfield code="v">Newspapers.</subfield></datafield><datafield ind1=" " ind2="7" tag="655"><subfield code="a">Newspapers.</subfield><subfield code="2">fast</subfield><subfield code="0">(OCoLC)fst01423814</subfield></datafield><datafield ind1=" " ind2="7" tag="651"><subfield code="a">Virginia</subfield><subfield code="z">Lynchburg.</subfield><subfield code="2">fast</subfield><subfield code="0">(OCoLC)fst01207740</subfield></datafield><datafield ind1=" " ind2=" " tag="752"><subfield code="a">United States</subfield><subfield code="b">Virginia</subfield><subfield code="d">Lynchburg.</subfield></datafield><datafield ind1="0" ind2=" " tag="775"><subfield code="t">Daily advance (Lynchburg, Va. : 1880)</subfield><subfield code="w">(DLC)sn 84024625</subfield></datafield><datafield ind1="0" ind2=" " tag="775"><subfield code="t">Semi-weekly advance</subfield><subfield code="w">(DLC)sn 95079074</subfield></datafield></record>